@book{Hal1,
    author = "Paul Halmos",
    title = "Measure Theory",
    publisher = "Springer",
    year = "1998"
}
