@book{malacrida,
    author = "Simone Malacrida",
    editor = "",
    title = "Introducción a los números complejos",
    publisher = "Simone Malacrida",
    year = "2023",
    ISBN = "402b4590-acc8-3cb6-97e7-0cb1bf2857fb"
}

@book{carloman,
    author = "Antonio Gonzáles Carlomán",
    editor = "",
    title = "Didáctica del número complejo",
    publisher = "Universidad de Oviedo. Servicio de Publicaciones",
    year = "1994",
    ISBN = "9788474688351"
}

@book{fuster,
    author = "Roberto Fuster Capilla and I. Giménez",
    title = "Variable compleja y ecuaciones diferenciales",
    ISBN = "9788429191110",
    publisher = "Editorial Reverté",
    year = "1995"
}

@book{orive,
    author = "Antonio Lascuarain Orive",
    title = "Curso básico de variable compleja",
    publisher = "UNAM. Facultad de Ciencias",
    year = "2007",
    ISBN = "9789703250431"
}

@book{norman,
    author = "Norman Levinson and R. M. Redheffer",
    title = "Curso de variable compleja",
    publisher = "Editorial Reverté",
    year = "2010",
    ISBN = "9788429191226"
}

@book{restrepo,
    author = "Guillermo Restrepo",
    title = "Funciones de una variable compleja",
    publisher = "Universidad del Valle",
    year = "2003",
    ISBN = "9789586702492"
}

@book{saff,
    author = "E.B. Saff and Artur David Snider",
    title = "Fundamentals of Complex Analysis with Applications to Engineering and Science",
    publisher = "Prentice Hall",
    ISBN = "9780139078743",
    year = "2003",
}

@book{carr,
    author = "Verity Carr",
    title = "Complex Numbers Made Simple",
    publisher = "Butterworth-Heinemann",
    year = "1996",
    ISBN = "9780080938448",
}

@book{budden,
    author = "F. J. Budden",
    title = "Complex numbers and their applications",
    publisher = "Longmans",
    ISBN = "9780582317574",
    year = "2010",
}
