@book{Kur,
    author = "James F. Kurose and Keith W. Ross",
    title = "Computer Networking",
    publisher = "Pearson Education",
    year = "2013",
    edition = "6"
}

@book{Ar,
    author = "Remzi H. Arpaci-Dusseau and Andrea C. Arpaci-Dusseau",
    title = "Operating Systems: Three Easy Pieces",
    publisher = "Arpaci-Dusseau Books, Inc.",
    year = "2014",
    note = "\url{http://www.ostep.org}"
}

@book{Bry,
    author = "Randal E. Bryant and David R. O'Hallaron",
    title = "Computer Systems: A Programmers Perspective",
    publisher = "Pearson Education",
    year = "2016",
    edition = "3"
}

@book{Eld,
    author = "Eldad Eilam",
    title = "Reversing: Secrets of Reverse Engineering",
    publisher = "Wiley Publishing, Inc.",
    year = "2005"
}
